@book{CART,
	author = {L Breiman},
	title = {Classification and regression trees},
	publisher = {Chapman \& Hall/CRC},
	year = {1984},
}
@article{bagging,
	author = {L Breiman},
	title = {Bagging predictors},
	journal = {Machine learning},
	publisher = {Springer},
	url = {http://www.springerlink.com/index/L4780124W2874025.pdf},
	year = {1996},
}
@article{RF,
	author = {L Breiman},
	title = {Random forests},
	journal = {Machine learning},
	publisher = {Springer},
	url = {http://www.springerlink.com/index/u0p06167n6173512.pdf},
	year = {2001},
}
@Book{Knuth:ct-a,
  author =       "Donald E. Knuth",
  title =        "The {\TeX}book",
  publisher =    pub-AW,
  address =      pub-AW:adr,
  year =         "1986",
  volume =       "{\noopsort{1986a}}A",
  series =       "Computers and Typesetting",
  ISBN =         "0-201-13447-0",
  LCCN =         "Z253.4.T47 K58 1986",
  pages =        "ix + 483",
}

@Book{Lamport85,
  author =       "Leslie Lamport",
  title =        "\LaTeX\ A Document Preparation System",
  publisher =    pub-AW,
  address =      pub-AW:adr,
  year =         "1985",
  ISBN =         "0-201-15790-X",
  LCCN =         "Z253.4.L38 L35 1986",
  pages =        "xiv + 242",
}

@Manual{R,
    title = {R: A Language and Environment for Statistical Computing},
    author = {{R Core Team}},
    organization = {R Foundation for Statistical Computing},
    address = {Vienna, Austria},
    year = {2014},
    url = {http://www.R-project.org/},
  }

@Manual{knitr2013,
    title = {knitr: A general-purpose package for dynamic report
      generation in R},
    author = {Yihui Xie},
    year = {2013},
    note = {R package version 1.4.1},
    url = {http://yihui.name/knitr/},
  }